@article{bik2022classifying,
  title={Classifying one-dimensional discrete models with maximum likelihood degree one},
  author={Bik, Arthur and Marigliano, Orlando},
  journal={arXiv preprint arXiv:2205.09547},
  year={2022}
}


@article{huh2013varieties,
  title={Varieties with maximum likelihood degree one},
  author={Huh, June},
  journal={arXiv preprint arXiv:1301.2732},
  year={2013}
}


@article{duarte2021discrete,
  title={Discrete statistical models with rational maximum likelihood estimator},
  author={Duarte, Eliana and Marigliano, Orlando and Sturmfels, Bernd},
  year={2021}
}

@book{klivans2018mathematics,
  title={The mathematics of chip-firing},
  author={Klivans, Caroline J},
  year={2018},
  publisher={Chapman and Hall/CRC}
}


@inproceedings{baker2018matroids,
  title={Matroids over hyperfields},
  author={Baker, Matt and Bowler, Nathan},
  booktitle={AIP Conference Proceedings},
  volume={1978},
  number={1},
  year={2018},
  organization={AIP Publishing}
}

@misc{grinberghyperfactorial,
  title={A hyperfactorial divisibility, version of 27 July 2015},
  author={Grinberg, Darij}
}

@book{sullivant2023algebraic,
  title={Algebraic statistics},
  author={Sullivant, Seth},
  volume={194},
  year={2023},
  publisher={American Mathematical Society}
}
@article{catanese2006maximum,
  title={The maximum likelihood degree},
  author={Catanese, Fabrizio and Ho{\c{s}}ten, Serkan and Khetan, Amit and Sturmfels, Bernd},
  journal={American Journal of Mathematics},
  volume={128},
  number={3},
  pages={671--697},
  year={2006},
  publisher={Johns Hopkins University Press}
}

@article{huh2013maximum,
  title={The maximum likelihood degree of a very affine variety},
  author={Huh, June},
  journal={Compositio Mathematica},
  volume={149},
  number={8},
  pages={1245--1266},
  year={2013},
  publisher={London Mathematical Society}
}


@article{amendola2019maximum,
  title={The maximum likelihood degree of toric varieties},
  author={Am{\'e}ndola, Carlos and Bliss, Nathan and Burke, Isaac and Gibbons, Courtney R and Helmer, Martin and Ho{\c{s}}ten, Serkan and Nash, Evan D and Rodriguez, Jose Israel and Smolkin, Daniel},
  journal={Journal of Symbolic Computation},
  volume={92},
  pages={222--242},
  year={2019},
  publisher={Elsevier}
}


@misc{ducrepo,
  author = {Viet Duc Nguyen},
  title = {chipsplitting-game},
  year = {2024},
  publisher = {GitHub},
  journal = {GitHub repository},
  howpublished = {\url{https://github.com/geniegeist/chipsplitting-game/tree/master-thesis}},
  commit = {6fd4dee}
}